@article{goodfellow_2014,
	author = {{Goodfellow}, I.~J. and {Pouget-Abadie}, J. and {Mirza}, M. and
	{Xu}, B. and {Warde-Farley}, D. and {Ozair}, S. and {Courville}, A. and
	{Bengio}, Y.},
	title = "{Generative Adversarial Networks}",
	journal = {ArXiv e-prints},
	archivePrefix = "arXiv",
	eprint = {1406.2661},
	primaryClass = "stat.ML",
	keywords = {Statistics - Machine Learning, Computer Science - Learning},
	year = 2014,
	month = jun
}

@article{lotter_2015,
	author = {{Lotter}, W. and {Kreiman}, G. and {Cox}, D.},
	title = "{Unsupervised Learning of Visual Structure using Predictive Generative Networks}",
	journal = {ArXiv e-prints},
	archivePrefix = "arXiv",
	eprint = {1511.06380},
	primaryClass = "cs.LG",
	keywords = {Computer Science - Learning, Computer Science - Artificial Intelligence, Computer Science - Computer Vision and Pattern Recognition, Quantitative Biology - Neurons and Cognition},
	year = 2015,
	month = nov
}

@article{reed_2016,
	author = {{Reed}, S. and {Akata}, Z. and {Yan}, X. and {Logeswaran}, L. and
	{Schiele}, B. and {Lee}, H.},
	title = "{Generative Adversarial Text to Image Synthesis}",
	journal = {ArXiv e-prints},
	archivePrefix = "arXiv",
	eprint = {1605.05396},
	keywords = {Computer Science - Neural and Evolutionary Computing, Computer Science - Computer Vision and Pattern Recognition},
	year = 2016,
	month = may
}

@article{ledig_2016,
	author = {{Ledig}, C. and {Theis}, L. and {Huszar}, F. and {Caballero}, J. and
	{Cunningham}, A. and {Acosta}, A. and {Aitken}, A. and {Tejani}, A. and
	{Totz}, J. and {Wang}, Z. and {Shi}, W.},
	title = "{Photo-Realistic Single Image Super-Resolution Using a Generative Adversarial Network}",
	journal = {ArXiv e-prints},
	archivePrefix = "arXiv",
	eprint = {1609.04802},
	primaryClass = "cs.CV",
	keywords = {Computer Science - Computer Vision and Pattern Recognition, Statistics - Machine Learning},
	year = 2016,
	month = sep
}

@article{radford_2015,
	author = {{Radford}, A. and {Metz}, L. and {Chintala}, S.},
	title = "{Unsupervised Representation Learning with Deep Convolutional Generative Adversarial Networks}",
	journal = {ArXiv e-prints},
	archivePrefix = "arXiv",
	eprint = {1511.06434},
	primaryClass = "cs.LG",
	keywords = {Computer Science - Learning, Computer Science - Computer Vision and Pattern Recognition},
	year = 2015,
	month = nov
}