@misc{1609.04938,
  Author = {Yuntian Deng and Anssi Kanervisto and Alexander M. Rush},
  Title = {What You Get Is What You See: A Visual Markup Decompiler},
  Year = {2016},
  journal={arXiv},
  Eprint = {arXiv:1609.04938},
}

@misc{1409.0473,
  Author = {Dzmitry Bahdanau and Kyunghyun Cho and Yoshua Bengio},
  Title = {Neural Machine Translation by Jointly Learning to Align and Translate},
  Year = {2014},
  Eprint = {arXiv:1409.0473},
}

@article{lecun_bottou_bengio_haffner_1998,
  title={Gradient-based learning applied to document recognition},
  volume={86},
  DOI={10.1109/5.726791},
  number={11},
  journal={Proceedings of the IEEE},
  author={Lecun, Y. and Bottou, L. and Bengio, Y. and Haffner, P.},
  year={1998},
  pages={2278–2324}
}

@incollection{NIPS2012_4824,
  title = {ImageNet Classification with Deep Convolutional Neural Networks},
  author = {Alex Krizhevsky and Sutskever, Ilya and Hinton, Geoffrey E},
  booktitle = {Advances in Neural Information Processing Systems 25},
  editor = {F. Pereira and C. J. C. Burges and L. Bottou and K. Q. Weinberger},
  pages = {1097--1105},
  year = {2012},
  publisher = {Curran Associates, Inc.},
  url = {http://papers.nips.cc/paper/4824-imagenet-classification-with-deep-convolutional-neural-networks.pdf}
}

@inproceedings{szegedy2013deep,
  title={Deep neural networks for object detection},
  author={Szegedy, Christian and Toshev, Alexander and Erhan, Dumitru},
  booktitle={Advances in Neural Information Processing Systems},
  pages={2553--2561},
  year={2013}
}

@inproceedings{wang2012end,
  title={End-to-end text recognition with convolutional neural networks},
  author={Wang, Tao and Wu, David J and Coates, Adam and Ng, Andrew Y},
  booktitle={Pattern Recognition (ICPR), 2012 21st International Conference on},
  pages={3304--3308},
  year={2012},
  organization={IEEE}
}

@inproceedings{karpathy2014large,
  title={Large-scale video classification with convolutional neural networks},
  author={Karpathy, Andrej and Toderici, George and Shetty, Sanketh and Leung, Thomas and Sukthankar, Rahul and Fei-Fei, Li},
  booktitle={Proceedings of the IEEE conference on Computer Vision and Pattern Recognition},
  pages={1725--1732},
  year={2014}
}

@misc{1406.1078,
  Author = {Kyunghyun Cho and Bart van Merrienboer and Caglar Gulcehre and Dzmitry Bahdanau and Fethi Bougares and Holger Schwenk and Yoshua Bengio},
  Title = {Learning Phrase Representations using RNN Encoder-Decoder for Statistical Machine Translation},
  Year = {2014},
  Eprint = {arXiv:1406.1078},
}

@misc{1409.3215,
  Author = {Ilya Sutskever and Oriol Vinyals and Quoc V. Le},
  Title = {Sequence to Sequence Learning with Neural Networks},
  Year = {2014},
  Eprint = {arXiv:1409.3215},
}

@misc{1503.04069,
  Author = {Klaus Greff and Rupesh Kumar Srivastava and Jan Koutník and Bas R. Steunebrink and Jürgen Schmidhuber},
  Title = {LSTM: A Search Space Odyssey},
  Year = {2015},
  Eprint = {arXiv:1503.04069},
}

@misc{1406.2661,
  Author = {Ian J. Goodfellow and Jean Pouget-Abadie and Mehdi Mirza and Bing Xu and David Warde-Farley and Sherjil Ozair and Aaron Courville and Yoshua Bengio},
  Title = {Generative Adversarial Networks},
  Year = {2014},
  Eprint = {arXiv:1406.2661},
}

@inproceedings{reed2016generative,
  title={Generative adversarial text to image synthesis},
  author={Reed, Scott and Akata, Zeynep and Yan, Xinchen and Logeswaran, Lajanugen and Schiele, Bernt and Lee, Honglak},
  booktitle={Proceedings of The 33rd International Conference on Machine Learning},
  volume={3},
  year={2016}
}

@misc{1511.06434,
  Author = {Alec Radford and Luke Metz and Soumith Chintala},
  Title = {Unsupervised Representation Learning with Deep Convolutional Generative Adversarial Networks},
  Year = {2015},
  Eprint = {arXiv:1511.06434},
}

@article{kumar_2013,
  title={PCA-based Offline Handwritten Character Recognition System},
  volume={3},
  DOI={10.6029/smartcr.2013.05.005},
  number={5},
  journal={The Smart Computing Review},
  Author={Kumar, Munish},
  year={2013}
}

@article{suzuki_tamari_fukuda_uchida_kanahori_2003,
  title={Infty},
  DOI={10.1145/958238.958239},
  journal={Proceedings of the 2003 ACM symposium on Document engineering},
  Author={Suzuki, Masakazu and Tamari, Fumikazu and Fukuda, Ryoji and Uchida, Seiichi and Kanahori, Toshihiro},
  year={2003}
}